<record><leader>00000cas a22000007a 4500</leader><controlfield tag="001">13913271</controlfield><controlfield tag="008">860722d19061968txuwr ne      0    0eng d</controlfield><datafield ind1=" " ind2=" " tag="010"><subfield code="a">sn 86088013 </subfield></datafield><datafield ind1=" " ind2=" " tag="040"><subfield code="a">PPM</subfield><subfield code="b">eng</subfield><subfield code="c">PPM</subfield><subfield code="d">OCLCQ</subfield></datafield><datafield ind1=" " ind2=" " tag="042"><subfield code="a">msc</subfield></datafield><datafield ind1="0" ind2="4" tag="245"><subfield code="a">The Rule review.</subfield></datafield><datafield ind1=" " ind2=" " tag="260"><subfield code="a">Rule, Tex. :</subfield><subfield code="b">[s.n.]</subfield></datafield><datafield ind1=" " ind2=" " tag="300"><subfield code="a">v. :</subfield><subfield code="b">ill. ;</subfield><subfield code="c">56 cm.</subfield></datafield><datafield ind1=" " ind2=" " tag="310"><subfield code="a">Weekly</subfield></datafield><datafield ind1="1" ind2=" " tag="362"><subfield code="a">Began in 1906? Ceased in 1968.</subfield></datafield><datafield ind1=" " ind2=" " tag="500"><subfield code="a">Publisher: E.B. Harris &lt;1941&gt;.</subfield></datafield><datafield ind1=" " ind2=" " tag="588"><subfield code="a">Description based on: Vol. 7, no. 23 (May 9, 1913).</subfield></datafield><datafield ind1=" " ind2=" " tag="752"><subfield code="a">United States</subfield><subfield code="b">Texas</subfield><subfield code="c">Haskell</subfield><subfield code="d">Rule.</subfield></datafield><datafield ind1="0" ind2="7" tag="785"><subfield code="t">Rochester reporter</subfield><subfield code="w">(DLC)sn 87091203</subfield></datafield><datafield ind1="0" ind2="7" tag="785"><subfield code="t">Rule review and the Rochester reporter</subfield><subfield code="w">(DLC)sn 87091232</subfield></datafield></record>